<?xml version="1.0" encoding="UTF-8"?><collection xmlns="http://www.loc.gov/MARC21/slim"><record><leader>00526nam--2200193-i-4500</leader><controlfield tag="001">000045993</controlfield><controlfield tag="002">20161230</controlfield><controlfield tag="005">20161230201045</controlfield><controlfield tag="008">060222s1000------------r-----000-0-eng-d</controlfield><datafield ind1=" " ind2=" " tag="020"><subfield code="a">0127107020</subfield></datafield><datafield ind1=" " ind2=" " tag="040"><subfield code="a">IFIN-HH</subfield></datafield><datafield ind1=" " ind2=" " tag="080"><subfield code="a">535.4</subfield></datafield><datafield ind1="1" ind2=" " tag="100"><subfield code="a">Van De Hulst, H.C</subfield></datafield><datafield ind1="1" ind2="0" tag="245"><subfield code="a">Multiple light scattering</subfield><subfield code="b">Tables, formulas and applications</subfield><subfield code="c">H.c. van de hulst</subfield></datafield><datafield ind1=" " ind2=" " tag="260"><subfield code="a">SAN FRANCISCO</subfield><subfield code="b">Academic Press</subfield><subfield code="c">1980</subfield></datafield><datafield ind1=" " ind2=" " tag="300"><subfield code="a">2 VOLUME</subfield></datafield><datafield ind1=" " ind2=" " tag="787"><subfield code="a">Vol. 1</subfield><subfield code="h">XI+300p</subfield></datafield><datafield ind1=" " ind2=" " tag="852"><subfield code="a">48279</subfield><subfield code="c">535</subfield></datafield><datafield ind1=" " ind2=" " tag="CAT"><subfield code="a">Sys</subfield><subfield code="c">20101123</subfield><subfield code="h">152417</subfield></datafield></record></collection>